<collection xmlns="http://www.loc.gov/MARC21/slim">
<record>
  <leader>01005nam0a22002051i 450 </leader>
  <controlfield tag="001">IT\ICCU\CNCE\054442</controlfield>
  <controlfield tag="005">20120412000000.0</controlfield>
  <datafield tag="100" ind1=" " ind2=" ">
    <subfield code="a">20030925d1503        0itac0103    ba</subfield>
  </datafield>
  <datafield tag="101" ind1=" " ind2=" ">
    <subfield code="a">ITA</subfield>
  </datafield>
  <datafield tag="102" ind1=" " ind2=" ">
    <subfield code="a">IT</subfield>
  </datafield>
  <datafield tag="200" ind1="1" ind2=" ">
    <subfield code="a">Fioreto dele antiche croniche de Verona; &amp; de tutti isoi confini e de le reliquie che se trouano dentro in ditta citade</subfield>
  </datafield>
  <datafield tag="210" ind1=" " ind2=" ">
    <subfield code="e">Verone impressum</subfield>
    <subfield code="g">\Lucantonio Fiorentino e Bernardino Misinta!</subfield>
    <subfield code="h">die 2 Martii 1503</subfield>
  </datafield>
  <datafield tag="215" ind1=" " ind2=" ">
    <subfield code="a">\18! c.</subfield>
    <subfield code="d">4ʻ</subfield>
  </datafield>
  <datafield tag="620" ind1=" " ind2=" ">
    <subfield code="a">IT</subfield>
    <subfield code="d">Verona</subfield>
  </datafield>
  <datafield tag="700" ind1=" " ind2="1">
    <subfield code="a">Corna,</subfield>
    <subfield code="b">Francesco</subfield>
    <subfield code="3">IT\ICCU\CNCA\003824</subfield>
  </datafield>
  <datafield tag="712" ind1="0" ind2="0">
    <subfield code="a">Lucantonio Fiorentino &amp; Misinta, Bernardino</subfield>
    <subfield code="3">IT\ICCU\CNCT\005917</subfield>
    <subfield code="4">650</subfield>
  </datafield>
  <datafield tag="790" ind1=" " ind2="1">
    <subfield code="a">Corna da Soncino,</subfield>
    <subfield code="b">Francesco</subfield>
    <subfield code="3">IT\ICCU\CNCA\030012</subfield>
    <subfield code="z">Corna, Francesco</subfield>
  </datafield>
  <datafield tag="801" ind1=" " ind2="3">
    <subfield code="a">IT</subfield>
    <subfield code="b">ICCU</subfield>
    <subfield code="c">20201115</subfield>
  </datafield>
  <datafield tag="911" ind1=" " ind2=" ">
    <subfield code="a">Nel coloph.</subfield>
    <subfield code="9">IT\ICCU\CNCM\001171</subfield>
  </datafield>
  <datafield tag="921" ind1=" " ind2=" ">
    <subfield code="a">IT\ICCU\CNCM\001171</subfield>
    <subfield code="b">Fortuna (donna con vela al vento). In basso, a sinistra, le iniziali L.A.F. e a destra B.M.</subfield>
    <subfield code="c">K346</subfield>
    <subfield code="c">V541</subfield>
    <subfield code="d">Dimensioni: 4,5 x 4,7. Usata da L.A. Fiorentino senza le iniziali B.M.</subfield>
    <subfield code="f">FORTUNA</subfield>
    <subfield code="g">1503</subfield>
  </datafield>
</record>
</collection>
